@article{writeup,
   author = {Tycho Sleator and Burton Budick},
   title = "The Mossbauer Effect",
   journal = "NYU Physics",
   year = "2011",
}
@article{art:slides,
   author = {Phillip Gutlich},
   title = "Mossbauer Spectroscopy-Principles and Applications",
   journal = "Johannes Gutenberg-Universitat Mainz",
   year = "2002",
}